<?xml version="1.0" encoding="UTF-8"?><record xmlns="http://www.loc.gov/MARC21/slim" xmlns:cinclude="http://apache.org/cocoon/include/1.0" xmlns:zs="http://www.loc.gov/zing/srw/">
  <leader>00455cz  a2200121n  4500</leader>
  <controlfield tag="001">n 2002107930</controlfield>
  <controlfield tag="003">DLC</controlfield>
  <controlfield tag="005">20021007134013.0</controlfield>
  <controlfield tag="008">021007n| acannaabn          |n aaa      </controlfield>
  <datafield tag="010" ind1=" " ind2=" ">
    <subfield code="a">n 2002107930</subfield>
  </datafield>
  <datafield tag="040" ind1=" " ind2=" ">
    <subfield code="a">DLC</subfield>
    <subfield code="b">eng</subfield>
    <subfield code="c">DLC</subfield>
  </datafield>
  <datafield tag="100" ind1="1" ind2=" ">
    <subfield code="a">Engel, Petra</subfield>
  </datafield>
  <datafield tag="670" ind1=" " ind2=" ">
    <subfield code="a">Engel, Petra. SozialraĚumliche Altenarbeit und Gerontologie, 2001:</subfield>
    <subfield code="b">t.p. (Petra Engel) cover (Dr. phil., Diplom- Sozialgerontologin, Diplom-Sozialarbeiterin/paĚdagogin, Univ. Gesamthochschule Kassel)</subfield>
  </datafield>
</record>